@book{ma2007group,
  title={Group Theory for Physicists},
  author={Ma, Z.},
  isbn={9789812771414},
  lccn={2007027914},
  url={https://books.google.co.th/books?id=E2hkWLiKjX4C},
  year={2007},
  publisher={World Scientific}
}
@book{sternberg1995group,
  title={Group Theory and Physics},
  author={Sternberg, S.},
  isbn={9780521558853},
  lccn={94119781},
  url={https://books.google.com.hk/books?id=k2Fp3JA93oYC},
  year={1995},
  publisher={Cambridge University Press}
}
