@book{Nagaosa1999,
address = {Berlin, Heidelberg},
author = {Nagaosa, Naoto},
booktitle = {Quantum Field Theory in Condensed Matter Physics},
doi = {10.1007/978-3-662-03774-4_1},
pages = {1--26},
publisher = {Springer Berlin Heidelberg},
title = {{Review of Quantum Mechanics and Basic Principles of Field Theory}},
url = {http://link.springer.com/10.1007/978-3-662-03774-4{\_}1},
year = {1999}
}

