@book{Sternberg1994,
author = {Sternberg, Shlomo.},
isbn = {0521248701},
mendeley-groups = {Group Theory},
pages = {429},
publisher = {Cambridge University Press},
title = {{Group theory and physics}},
year = {1994}
}

