@phdthesis{Hughes2009,
author = {Hughes, Taylor},
mendeley-groups = {Phy/CMP},
pages = {239},
school = {Stanford University},
title = {{Time-reversal Invariant Topological Insulators}},
url = {http://gradworks.umi.com/33/82/3382746.html},
year = {2009}
}

