@book{griffiths-EM,
abstract = {3rd ed. "Eastern economy edition"--Cover. Vector analysis -- Electrostatics -- Special techniques -- Electric fields in matter -- Magnetostatics -- Electromagnetic waves.},
author = {Griffiths, David J.},
isbn = {8120316010},
pages = {576},
publisher = {Prentice-Hall of India},
title = {{Introduction to Electrodynamics}},
year = {1998}
}
@book{DETA,
address = {New York, NY},
author = {Braun, Martin},
doi = {10.1007/978-1-4612-4360-1},
isbn = {978-0-387-94330-5},
publisher = {Springer New York},
series = {Texts in Applied Mathematics},
title = {{Differential Equations and Their Applications}},
url = {http://link.springer.com/10.1007/978-1-4612-4360-1},
volume = {11},
year = {1993}
}
@book{BSCS,
abstract = {1st paberback ed.},
author = {Gogolin, Alexander O. (Alexander Olegovich) and Nersesyan, Alexander A. (Alexander Artyomovich) and Tsvelik, Alexei M.},
isbn = {9780521617192},
pages = {423},
publisher = {Cambridge University Press},
title = {{Bosonization and strongly correlated systems}},
year = {2004}
}

@book{Altland2010,
abstract = {2nd ed. Pedagogical introduction to quantum field theory in many-particle physics, this book complements graduate level courses on many-particle theory.},
author = {Altland, Alexander. and Simons, Ben BD Ben},
isbn = {9780511789984},
mendeley-groups = {Phy/QFT Textbook},
pages = {786},
publisher = {Cambridge University Press},
title = {{Condensed Matter Field Theory (Second Edition)}},
url =
{http://www.cambridge.org/us/academic/subjects/physics/condensed-matter-physics-nanoscience-and-mesoscopic-physics/condensed-matter-field-theory-2nd-edition?format=HB\&isbn=9780521769754},
year = {2010}
}

