@book{DeWitt1992,
author = {DeWitt, Bryce S. (Bryce Seligman)},
isbn = {0521423775},
pages = {407},
publisher = {Cambridge University Press},
title = {{Supermanifolds}},
url = {http://www.cambridge.org/us/academic/subjects/physics/theoretical-physics-and-mathematical-physics/supermanifolds-2nd-edition?format=PB{\&}isbn=9780521423779},
year = {1992}
}
