@book{Altland2010,
abstract = {2nd ed. Pedagogical introduction to quantum field theory in many-particle physics, this book complements graduate level courses on many-particle theory.},
author = {Altland, Alexander. and Simons, Ben BD Ben},
isbn = {9780511789984},
mendeley-groups = {Phy/QFT Textbook},
pages = {786},
publisher = {Cambridge University Press},
title = {{Condensed Matter Field Theory (Second Edition)}},
url = {http://www.cambridge.org/us/academic/subjects/physics/condensed-matter-physics-nanoscience-and-mesoscopic-physics/condensed-matter-field-theory-2nd-edition?format=HB{\&}isbn=9780521769754},
year = {2010}
}
@book{Greiner1996,
address = {Berlin, Heidelberg},
author = {Greiner, Walter and Reinhardt, Joachim},
doi = {10.1007/978-3-642-61485-9},
isbn = {978-3-540-78048-9},
mendeley-groups = {Phy/QFT Textbook},
publisher = {Springer Berlin Heidelberg},
title = {{Field Quantization}},
url = {http://link.springer.com/10.1007/978-3-642-61485-9},
year = {1996}
}

